@string{Jan = "January"}
@string{Feb = "February"}
@string{Mar = "March"}
@string{Apr = "April"}
@string{May = "May"}
@string{Jun = "June"}
@string{Jul = "July"}
@string{Aug = "August"}
@string{Sep = "September"}
@string{Oct = "October"}
@string{Nov = "November"}
@string{Dec = "December"}

@string{January = "January"}
@string{February = "February"}
@string{March = "March"}
@string{April = "April"}
@string{May = "May"}
@string{June = "June"}
@string{July = "July"}
@string{August = "August"}
@string{September = "September"}
@string{October = "October"}
@string{November = "November"}
@string{December = "December"}


@string{ICPP = "Proceedings of the International Conference on Parallel 
		Processing"}
@string{JPDC = "Journal of Parallel and Distributed Computing"}
@string{IJPP = "International Journal of Parallel Programming"}
@string{ISCA = "Proceedings of the International Symposium on Computer 
		Architecture"}
@string{ParComputing = "Parallel Computing"}
@string{SPAA = "Proceedings of the Symposium on Parallel Algorithms and 
		Architectures"}
@string{CACM = "Communications of the ACM"}
@string{PPEALS = "Proceedings of the ACM SIGPLAN Symposium on Parallel 
		  Programming: Experience with Applications, Languages, 
		  and Systems"}
@string{PPoPP = "Proceedings of the ACM SIGPLAN Symposium on Principles and 
		 Practice of Parallel Programming"}
@string{TPDS = "IEEE Transactions on Parallel and Distributed Systems"}
@string{PLDI = "SIGPLAN Conference on Programming Language Design and 
		Implementation"}
@string{OSDI = "Symposium on Operating Systems Design and Implementation"}
@string{IEEETC = "IEEE Transactions on Computers"}
@string{IEEEComputer = "IEEE Computer"}
@string{ACMTCS = "ACM Transactions on Computer Systems"}

}

 [download]
@INPROCEEDINGS{Li2018SBAC,
author={C. {Li} and J. {Gaudiot}},
booktitle={2018 30th International Symposium on Computer Architecture and High Performance Computing (SBAC-PAD)},
title={Online Detection of Spectre Attacks Using Microarchitectural Traces from Performance Counters},
year={2018},
volume={},
number={},
pages={25-28},
keywords={cache storage;computer viruses;microprocessor chips;operating systems (computers);Spectre attack;microarchitectural traces;processor performance;acceleration techniques;caching;data cache timing;software-based fix;traditional log files;microarchitectural events;CPU performance counters;speculative execution technique;software-based antivirus techniques;security flaws;OS vendors;Meltdown effect;speculative caching technique;Microarchitecture;Detectors;Time series analysis;Machine learning;Monitoring;Hardware;Microsoft Windows;security;malware detection;microarchitectural features},
doi={10.1109/CAHPC.2018.8645918},
ISSN={1550-6533},
month={Sep.},}
@inproceedings{Duppel2013Zhang,
 author = {Zhang, Yinqian and Reiter, Michael K.},
 title = {D\&\#252;ppel: retrofitting commodity operating systems to mitigate cache side channels in the cloud},
 booktitle = {Proceedings of the 2013 ACM SIGSAC conference on Computer \&\#38; communications security},
 series = {CCS '13},
 year = {2013},
 isbn = {978-1-4503-2477-9},
 location = {Berlin, Germany},
 pages = {827--838},
 numpages = {12},
 url = {http://doi.acm.org/10.1145/2508859.2516741},
 doi = {10.1145/2508859.2516741},
 acmid = {2516741},
 publisher = {ACM},
 address = {New York, NY, USA},
 keywords = {cache-based side channel, cross-vm side channel, side-channel attack},
} 

@INPROCEEDINGS{paulKocherSpectreAttacks,  author={P. {Kocher} and J. {Horn} and A. {Fogh} and D. {Genkin} and D. {Gruss} and W. {Haas} and M. {Hamburg} and M. {Lipp} and S. {Mangard} and T. {Prescher} and M. {Schwarz} and Y. {Yarom}},  booktitle={2019 IEEE Symposium on Security and Privacy (SP)},  title={Spectre Attacks: Exploiting Speculative Execution},   year={2019},  volume={},  number={},  pages={1-19},}


@inproceedings{ueda1996generalization,
  title={Generalization error of ensemble estimators},
  author={Ueda, Naonori and Nakano, Ryohei},
  booktitle={Proceedings of International Conference on Neural Networks (ICNN'96)},
  volume={1},
  pages={90--95},
  year={1996},
  organization={IEEE}
}
@inproceedings{krogh1995neural,
  title={Neural network ensembles, cross validation, and active learning},
  author={Krogh, Anders and Vedelsby, Jesper},
  booktitle={Advances in neural information processing systems},
  pages={231--238},
  year={1995}
}
@book{kuncheva2014combining,
  title={Combining pattern classifiers: methods and algorithms},
  author={Kuncheva, Ludmila I},
  year={2014},
  publisher={John Wiley \& Sons}
}
@inproceedings{Hinton1985shape,
  title={Shape recognition and illusory conjunctions.},
  author={Hinton, Geoffrey E and Lang, Kevin J},
  booktitle={IJCAI},
  pages={252--259},
  year={1985}
}
@inproceedings{Mimicry2007,
author = {Bruschi, Danilo and Cavallaro, Lorenzo and Lanzi, Andrea},
year = {2007},
month = {04},
pages = {418-425},
title = {An Efficient Technique for Preventing Mimicry and Impossible Paths Execution Attacks},
doi = {10.1109/PCCC.2007.358922}
}
@inproceedings{Mimicry2006,
author = {Wang, Ke and Parekh, Janak and Stolfo, Salvatore},
year = {2006},
month = {09},
pages = {226-248},
title = {Anagram: A Content Anomaly Detector Resistant to Mimicry Attack},
volume = {4219},
isbn = {978-3-540-39723-6},
doi = {10.1007/11856214_12}
}
@inproceedings{SCRAP2013HPCA,
author = {Kayaalp, Mehmet and Schmitt, Timothy and Nomani, Junaid and Ponomarev, Dmitry and Abu-Ghazaleh, Nael},
year = {2013},
month = {02},
pages = {258-269},
title = {SCRAP: Architecture for signature-based protection from Code Reuse Attacks},
isbn = {978-1-4673-5585-8},
journal = {Proceedings - International Symposium on High-Performance Computer Architecture},
doi = {10.1109/HPCA.2013.6522324}
}

@INPROCEEDINGS{rowhammer,  author={Y. {Kim} and R. {Daly} and J. {Kim} and C. {Fallin} and J. H. {Lee} and D. {Lee} and C. {Wilkerson} and K. {Lai} and O. {Mutlu}},  booktitle={2014 ACM/IEEE 41st International Symposium on Computer Architecture (ISCA)},  title={Flipping bits in memory without accessing them: An experimental study of DRAM disturbance errors},   year={2014},  volume={},  number={},  pages={361-372},}

@ARTICLE{Quinlan86inductionof,
    author = {J. R. Quinlan},
    title = {Induction of Decision Trees},
    journal = {MACH. LEARN},
    year = {1986},
    volume = {1},
    pages = {81--106}
}
@inproceedings{xu-19,
  title={GPUGuard: mitigating contention based side and covert channel attacks on GPUs},
  author={Xu, Qiumin and Naghibijouybari, Hoda and Wang, Shibo and Abu-Ghazaleh, Nael and Annavaram, Murali},
  booktitle={Proceedings of the ACM International Conference on Supercomputing},
  pages={497--509},
  year={2019}
}

@ARTICLE {Gaudiot2020,
author = {C. Li and J. Gaudiot},
journal = {IEEE Computer Architecture Letters},
title = {Challenges in Detecting an "Evasive Spectre"},
year = {5555},
volume = {},
number = {01},
issn = {1556-6064},
pages = {18-21},
keywords = {task analysis;detectors;microarchitecture;bandwidth;malware;hardware;machine learning},
doi = {10.1109/LCA.2020.2976069},
publisher = {IEEE Computer Society},
address = {Los Alamitos, CA, USA},
month = {feb}
}
@misc{szegedy2014going,
      title={Going Deeper with Convolutions}, 
      author={Christian Szegedy and Wei Liu and Yangqing Jia and Pierre Sermanet and Scott Reed and Dragomir Anguelov and Dumitru Erhan and Vincent Vanhoucke and Andrew Rabinovich},
      year={2014},
      eprint={1409.4842},
      archivePrefix={arXiv},
      primaryClass={cs.CV}
}
@inproceedings{kazdagli-16,
  title={Quantifying and improving the efficiency of hardware-based mobile malware detectors},
  author={Kazdagli, Mikhail and Reddi, Vijay Janapa and Tiwari, Mohit},
  booktitle={2016 49th Annual IEEE/ACM International Symposium on Microarchitecture (MICRO)},
  pages={1--13},
  year={2016},
  organization={IEEE}
}

@inproceedings{wampler-19,
  title={ExSpectre: Hiding Malware in Speculative Execution.},
  author={Wampler, Jack and Martiny, Ian and Wustrow, Eric},
  booktitle={Proc. NDSS},
  year={2019}
}

@inproceedings{Hinton2018Capsule,
title={Matrix capsules with {EM} routing},
author={Geoffrey E Hinton and Sara Sabour and Nicholas Frosst},
booktitle={International Conference on Learning Representations},
year={2018},
url={https://openreview.net/forum?id=HJWLfGWRb},
}
@inproceedings{ridl,
	title = {{RIDL}: Rogue In-flight Data Load},
	booktitle = {S\&{P}},
	author = {van Schaik, Stephan and Milburn, Alyssa and Österlund, Sebastian and Frigo, Pietro and Maisuradze, Giorgi and Razavi, Kaveh and Bos, Herbert and Giuffrida, Cristiano},
	month = may,
	year = {2019},
}


@inproceedings{canella2019fallout,
author = {Canella, Claudio and Genkin, Daniel and Giner, Lukas and Gruss, Daniel and Lipp, Moritz and Minkin, Marina and Moghimi, Daniel and Piessens, Frank and Schwarz, Michael and Sunar, Berk and Van Bulck, Jo and Yarom, Yuval},
title = {Fallout: Leaking Data on Meltdown-Resistant CPUs},
year = {2019},
isbn = {9781450367479},
publisher = {Association for Computing Machinery},
address = {New York, NY, USA},
url = {https://doi.org/10.1145/3319535.3363219},
doi = {10.1145/3319535.3363219},
pages = {769–784},
numpages = {16},
keywords = {meltdown, spectre, store-to-load, side-channel attack, store buffer},
location = {London, United Kingdom},
series = {CCS '19}
}

@misc{cacheOut,
	title={{CacheOut}: Leaking Data on {Intel} {CPUs} via Cache Evictions},
	author={van Schaik, Stephan and Minkin, Marina and Kwong, Andrew and Genkin, Daniel and Yarom, Yuval},
	howpublished = {\url{https://cacheoutattack.com/}},
	year={2020},
}

@misc{salimans2016improved,
      title={Improved Techniques for Training GANs}, 
      author={Tim Salimans and Ian Goodfellow and Wojciech Zaremba and Vicki Cheung and Alec Radford and Xi Chen},
      year={2016},
      eprint={1606.03498},
      archivePrefix={arXiv},
      primaryClass={cs.LG}
}
@inproceedings{Gauthier2015ConditionalGA,
  title={Conditional generative adversarial nets for convolutional face generation},
  author={Jon Gauthier},
  year={2015}
}
@misc{goodfellow2014generative,
      title={Generative Adversarial Networks}, 
      author={Ian J. Goodfellow and Jean Pouget-Abadie and Mehdi Mirza and Bing Xu and David Warde-Farley and Sherjil Ozair and Aaron Courville and Yoshua Bengio},
      year={2014},
      eprint={1406.2661},
      archivePrefix={arXiv},
      primaryClass={stat.ML}
}
@misc{radford2016unsupervised,
      title={Unsupervised Representation Learning with Deep Convolutional Generative Adversarial Networks}, 
      author={Alec Radford and Luke Metz and Soumith Chintala},
      year={2016},
      eprint={1511.06434},
      archivePrefix={arXiv},
      primaryClass={cs.LG}
}

@InProceedings{reed16},
  title = 	 {Generative Adversarial Text to Image Synthesis},
  author = 	 {Scott Reed and Zeynep Akata and Xinchen Yan and Lajanugen Logeswaran and Bernt Schiele and Honglak Lee},
  booktitle = 	 {Proceedings of The 33rd International Conference on Machine Learning},
  pages = 	 {1060--1069},
  year = 	 {2016},
  editor = 	 {Maria Florina Balcan and Kilian Q. Weinberger},
  volume = 	 {48},
  series = 	 {Proceedings of Machine Learning Research},
  address = 	 {New York, New York, USA},
  month = 	 {20--22 Jun},
  publisher =    {PMLR},
  pdf = 	 {http://proceedings.mlr.press/v48/reed16.pdf},
  url = 	 {http://proceedings.mlr.press/v48/reed16.html},
 
}

@misc{CarbonBlack,
	title={{Carbon Black}},
	howpublished = {\url{https://www.carbonblack.com/}},
	year={2017},
}

@misc{intel2020,
	title={{Intel CPU-level security 2020}},
	howpublished = {\url{https://www.bleepingcomputer.com/news/security/intel-adds-cpu-level-malware-protection-to-tiger-lake-processors/}},
	year={2020},
}

@misc{intel2021,
	title={{Intel CPU-level security 2021}},
	howpublished = {\url{https://www.bleepingcomputer.com/news/security/intel-adds-hardware-based-ransomware-detection-to-11th-gen-cpus/}},
	year={2021},
}

@INPROCEEDINGS{PerSpectron,
  author={S. {Mirbagher-Ajorpaz} and G. {Pokam} and E. {Mohammadian-Koruyeh} and E. {Garza} and N. {Abu-Ghazaleh} and D. A. {Jiménez}},
  booktitle={2020 53rd Annual IEEE/ACM International Symposium on Microarchitecture (MICRO)}, 
  title={PerSpectron: Detecting Invariant Footprints of Microarchitectural Attacks with Perceptron}, 
  year={2020},
  volume={},
  number={},
  pages={1124-1137},
  doi={10.1109/MICRO50266.2020.00093}}

@inproceedings{RHMD2017,
author = {Khasawneh, Khaled N. and Abu-Ghazaleh, Nael and Ponomarev, Dmitry and Yu, Lei},
title = {RHMD: Evasion-Resilient Hardware Malware Detectors},
year = {2017},
isbn = {9781450349529},
publisher = {Association for Computing Machinery},
address = {New York, NY, USA},
url = {https://doi.org/10.1145/3123939.3123972},
doi = {10.1145/3123939.3123972},
booktitle = {Proceedings of the 50th Annual IEEE/ACM International Symposium on Microarchitecture},
pages = {315–327},
numpages = {13},
keywords = {HMDs, adversarial machine learning, malware detection},
location = {Cambridge, Massachusetts},
series = {MICRO-50 ’17}
}
  
  @misc{goodfellow2014generative,
      title={Generative Adversarial Networks}, 
      author={Ian J. Goodfellow and Jean Pouget-Abadie and Mehdi Mirza and Bing Xu and David Warde-Farley and Sherjil Ozair and Aaron Courville and Yoshua Bengio},
      year={2014},
      eprint={1406.2661},
      archivePrefix={arXiv},
      primaryClass={stat.ML}
}

  @inproceedings{STOKE,
author = {Schkufza, Eric and Sharma, Rahul and Aiken, Alex},
title = {Stochastic Superoptimization},
year = {2013},
isbn = {9781450318709},
publisher = {Association for Computing Machinery},
address = {New York, NY, USA},
url = {https://doi.org/10.1145/2451116.2451150},
doi = {10.1145/2451116.2451150},
numpages = {12},
keywords = {markov chain monte carlo, x86, binary, x86-64, stochastic search, superoptimization, smt, mcmc, 64-bit},
location = {Houston, Texas, USA},
series = {ASPLOS '13}
}
  @article{ullman2004recognition,
  title={Recognition invariance obtained by extended and invariant features},
  author={Ullman, Shimon and Bart, Evgeniy},
  journal={Neural Networks},
  volume={17},
  number={5-6},
  pages={833--848},
  year={2004},
  publisher={Elsevier}
}

@inproceedings{ensembleRaid2015,
author = {Khasawneh, Khaled N. and Ozsoy, Meltem and Donovick, Caleb and Abu-Ghazaleh, Nael and Ponomarev, Dmitry},
title = {Ensemble Learning for Low-Level Hardware-Supported Malware Detection},
year = {2015},
isbn = {9783319263618},
publisher = {Springer-Verlag},
address = {Berlin, Heidelberg},
url = {https://doi.org/10.1007/978-3-319-26362-5_1},
doi = {10.1007/978-3-319-26362-5_1},
booktitle = {Proceedings of the 18th International Symposium on Research in Attacks, Intrusions, and Defenses - Volume 9404},
pages = {3–25},
numpages = {23},
location = {Kyoto, Japan},
series = {RAID 2015}
}

@article{lecun1995convolutional,
  title={Convolutional networks for images, speech, and time series},
  author={LeCun, Yann and Bengio, Yoshua and others},
  journal={The handbook of brain theory and neural networks},
  volume={3361},
  number={10},
  pages={1995},
  year={1995}
}
  
  @incollection{lecun1999object,
  title={Object recognition with gradient-based learning},
  author={LeCun, Yann and Haffner, Patrick and Bottou, L{\'e}on and Bengio, Yoshua},
  booktitle={Shape, contour and grouping in computer vision},
  pages={319--345},
  year={1999},
  publisher={Springer}
}


@INPROCEEDINGS{Malware2015,
author={M. {Ozsoy} and C. {Donovick} and I. {Gorelik} and N. {Abu-Ghazaleh} and D. {Ponomarev}},
booktitle={2015 IEEE 21st International Symposium on High Performance Computer Architecture (HPCA)},
title={Malware-aware processors: A framework for efficient online malware detection},
year={2015},
volume={},
number={},
pages={651-661},
keywords={field programmable gate arrays;invasive software;microprocessor chips;malware-aware processor;online malware detection;software-based malware detection tool;online hardware-based detector;subsemantic feature;software defense mechanism;open-source x86-compatible core;FPGA;Malware;Hardware;Feature extraction;Complexity theory;Detectors;Program processors},
doi={10.1109/HPCA.2015.7056070},
ISSN={2378-203X},
month={Feb},}

@unknown{SpectreStay2019,
author = {Mcilroy, Ross and Sevcik, Jaroslav and Tebbi, Tobias and Titzer, Ben and Verwaest, Toon},
year = {2019},
month = {02},
pages = {},
title = {Spectre is here to stay: An analysis of side-channels and speculative execution}
}

@article{spec2006,
 author = {Henning, John L.},
 title = {SPEC CPU2006 Benchmark Descriptions},
 journal = {SIGARCH Comput. Archit. News},
 issue_date = {September 2006},
 volume = {34},
 number = {4},
 month = sep,
 year = {2006},
 issn = {0163-5964},
 pages = {1--17},
 numpages = {17},
 url = {http://doi.acm.org/10.1145/1186736.1186737},
 doi = {10.1145/1186736.1186737},
 acmid = {1186737},
 publisher = {ACM},
 address = {New York, NY, USA},
} 

@article{bhattacharyya2019smotherspectre,
  title={SMoTherSpectre: exploiting speculative execution through port contention},
  author={Bhattacharyya, Atri and Sandulescu, Alexandra and Neugschwandtner, Matthias and Sorniotti, Alessandro and Falsafi, Babak and Payer, Mathias and Kurmus, Anil},
  journal={arXiv preprint arXiv:1903.01843},
  year={2019}
}
@ARTICLE{Wolpert92stackedgeneralization,
    author = {David H. Wolpert},
    title = {Stacked Generalization},
    journal = {Neural Networks},
    year = {1992},
    volume = {5},
    pages = {241--259}
}
@INPROCEEDINGS{Jimenez1998,
author={1998},
booktitle={1998 IEEE International Joint Conference on Neural Networks Proceedings. IEEE World Congress on Computational Intelligence (Cat. No.98CH36227)},
title={Dynamically weighted ensemble neural networks for classification},
year={1998},
volume={1},
number={},
pages={753-756 vol.1},
keywords={neural nets;generalisation (artificial intelligence);pattern classification;ensemble neural networks;pattern classification;aggregate output;generalisation;Neural networks;Aggregates;Decorrelation;Computer networks},
doi={10.1109/IJCNN.1998.682375},
ISSN={1098-7576},
month={May},}

@article{Giacinto:2008,
 author = {Giacinto, Giorgio and Perdisci, Roberto and Del Rio, Mauro and Roli, Fabio},
 title = {Intrusion Detection in Computer Networks by a Modular Ensemble of One-class Classifiers},
 journal = {Inf. Fusion},
 issue_date = {January, 2008},
 volume = {9},
 number = {1},
 month = jan,
 year = {2008},
 issn = {1566-2535},
 pages = {69--82},
 numpages = {14},
 url = {http://dx.doi.org/10.1016/j.inffus.2006.10.002},
 doi = {10.1016/j.inffus.2006.10.002},
 acmid = {1297578},
 publisher = {Elsevier Science Publishers B. V.},
 address = {Amsterdam, The Netherlands, The Netherlands},
 keywords = {Computer networks, Intrusion detection, Modular systems, Multiple classifier systems, One-class classifiers},
} 


@INPROCEEDINGS{Ke05flips:hybrid,
    author = {Michael Locasto Ke and Ke Wang and Angelos D. Keromytis and Salvatore J. Stolfo},
    title = {FLIPS: Hybrid Adaptive Intrusion Prevention},
    booktitle = {In Proceedings of the 8th International Symposium on Recent Advances in Intrusion Detection (RAID},
    year = {2005},
    pages = {82--101}
}

@article{Woniak2014,
 author = {Woniak, Micha\l and Gra\~{n}a, Manuel and Corchado, Emilio},
 title = {A Survey of Multiple Classifier Systems As Hybrid Systems},
 journal = {Inf. Fusion},
 issue_date = {March, 2014},
 volume = {16},
 month = mar,
 year = {2014},
 issn = {1566-2535},
 pages = {3--17},
 numpages = {15},
 url = {http://dx.doi.org/10.1016/j.inffus.2013.04.006},
 doi = {10.1016/j.inffus.2013.04.006},
 acmid = {2542757},
 publisher = {Elsevier Science Publishers B. V.},
 address = {Amsterdam, The Netherlands, The Netherlands},
 keywords = {Classifier ensemble, Classifier fusion, Combined classifier, Hybrid classifier, Multiple classifier system},
} 

@article{RajKumar2011,
 author = {Raj Kumar, P. Arun and Selvakumar, S.},
 title = {Distributed Denial of Service Attack Detection Using an Ensemble of Neural Classifier},
 journal = {Comput. Commun.},
 issue_date = {July, 2011},
 volume = {34},
 number = {11},
 month = jul,
 year = {2011},
 issn = {0140-3664},
 pages = {1328--1341},
 numpages = {14},
 url = {http://dx.doi.org/10.1016/j.comcom.2011.01.012},
 doi = {10.1016/j.comcom.2011.01.012},
 acmid = {1994211},
 publisher = {Elsevier Science Publishers B. V.},
 address = {Amsterdam, The Netherlands, The Netherlands},
 keywords = {Collaborative environmet, DDoS, Ensemble of neural networks, Machine learning},
} 

@article{Menahem2009,
author = {Menahem, Eitan and Shabtai, Asaf and Rokach, Lior and Elovici, Yuval},
year = {2009},
month = {02},
pages = {1483-1494},
title = {Improving malware detection by applying multi-inducer ensemble},
volume = {53},
journal = {Computational Statistics \& Data Analysis},
doi = {10.1016/j.csda.2008.10.015}
}

@inproceedings{Zhang2007,
 author = {Zhang, Boyun and Yin, Jianping and Hao, Jingbo and Zhang, Dingxing and Wang, Shulin},
 title = {Malicious Codes Detection Based on Ensemble Learning},
 booktitle = {Proceedings of the 4th International Conference on Autonomic and Trusted Computing},
 series = {ATC'07},
 year = {2007},
 isbn = {3-540-73546-1, 978-3-540-73546-5},
 location = {Hong Kong, China},
 pages = {468--477},
 numpages = {10},
 url = {http://dl.acm.org/citation.cfm?id=2394798.2394857},
 acmid = {2394857},
 publisher = {Springer-Verlag},
 address = {Berlin, Heidelberg},
} 

@article{Shabtai2009,
 author = {Shabtai, Asaf and Moskovitch, Robert and Elovici, Yuval and Glezer, Chanan},
 title = {Detection of Malicious Code by Applying Machine Learning Classifiers on Static Features: A State-of-the-art Survey},
 journal = {Inf. Secur. Tech. Rep.},
 issue_date = {February, 2009},
 volume = {14},
 number = {1},
 month = feb,
 year = {2009},
 issn = {1363-4127},
 pages = {16--29},
 numpages = {14},
 url = {http://dx.doi.org/10.1016/j.istr.2009.03.003},
 doi = {10.1016/j.istr.2009.03.003},
 acmid = {1551289},
 publisher = {Elsevier Advanced Technology Publications},
 address = {Oxford, UK, UK},
} 

@inproceedings{cyclone2019,
author = {Harris, Austin and Wei, Shijia and Sahu, Prateek and Kumar, Pranav and Austin, Todd and Tiwari, Mohit},
year = {2019},
month = {10},
pages = {57-72},
title = {Cyclone: Detecting Contention-Based Cache Information Leaks Through Cyclic Interference},
isbn = {978-1-4503-6938-1},
doi = {10.1145/3352460.3358273}
}
@inproceedings{maisuradze2018ret2spec,
  title={ret2spec: Speculative execution using return stack buffers},
  author={Maisuradze, G. and Rossow, C.},
  booktitle={ACM Conference on Computer and Communications Security (CCS)},
  year={2018},
}
@inproceedings{Glider2019,
 author = {Shi, Zhan and Huang, Xiangru and Jain, Akanksha and Lin, Calvin},
 title = {Applying Deep Learning to the Cache Replacement Problem},
 booktitle = {Proceedings of the 52Nd Annual IEEE/ACM International Symposium on Microarchitecture},
 series = {MICRO '52},
 year = {2019},
 isbn = {978-1-4503-6938-1},
 location = {Columbus, OH, USA},
 pages = {413--425},
 numpages = {13},
 url = {http://doi.acm.org/10.1145/3352460.3358319},
 doi = {10.1145/3352460.3358319},
 acmid = {3358319},
 publisher = {ACM},
 address = {New York, NY, USA},
 keywords = {cache replacement, caches, deep learning},
}

@inproceedings{vanbulck2020lvi,
  title = {{LVI: Hijacking Transient Execution through Microarchitectural Load Value Injection}},
  author = {Van Bulck, Jo and Moghimi, Daniel and Schwarz, Michael and Lipp, Moritz and Minkin, Marina and Genkin, Daniel and Yuval, Yarom and Sunar, Berk and Gruss, Daniel and Piessens, Frank},
  booktitle = {41th IEEE Symposium on Security and Privacy (S\&P'20)},
  year = {2020},
}
@INPROCEEDINGS{CEASER,
author={M. K. {Qureshi}},
booktitle={2018 51st Annual IEEE/ACM International Symposium on Microarchitecture (MICRO)},
title={CEASER: Mitigating Conflict-Based Cache Attacks via Encrypted-Address and Remapping},
year={2018},
volume={},
number={},
pages={775-787},
keywords={cache storage;cryptography;operating systems (computers);dynamic-remapping;mitigate conflict-based cache attacks;low-latency block-cipher;LLBC;decryption;encryption key;encrypted line-address;physical line-address;OS support;storage-intensive tables;randomized mapping;cache conflicts;cache space;CEASER;Programmable logic arrays;Encryption;Program processors;Timing;Indexes},
doi={10.1109/MICRO.2018.00068},
ISSN={},
month={Oct},}


@article{Riedmiller1993ADA,
  title={A direct adaptive method for faster backpropagation learning: the RPROP algorithm},
  author={Martin A. Riedmiller and Heinrich Braun},
  journal={IEEE International Conference on Neural Networks},
  year={1993},
  pages={586-591 vol.1}
}
@article{Jimnez2017MultiperspectiveRP,
  title={Multiperspective Reuse Prediction},
  author={Daniel A. Jim{\'e}nez and Elvira Teran},
  journal={2017 50th Annual IEEE/ACM International Symposium on Microarchitecture (MICRO)},
  year={2017},
  pages={436-448}
}
@INPROCEEDINGS{HPCA2001Jimenez,
author={D. A. {Jimenez} and C. {Lin}},
booktitle={Proceedings HPCA Seventh International Symposium on High-Performance Computer Architecture},
title={Dynamic branch prediction with perceptrons},
year={2001},
volume={},
number={},
pages={197-206},
keywords={parallel architectures;program compilers;neural nets;perceptrons;dynamic branch prediction;perceptrons;branch prediction;neural networks;hardware resources;purely dynamic schemes;4K byte hardware budget;Neural networks;Counting circuits;History;Hardware;Accuracy;Modems;Space exploration;Computer architecture;Parallel processing;Prefetching},
doi={10.1109/HPCA.2001.903263},
ISSN={1530-0897},
month={Jan},}


@article{gem5,
 author = {Binkert, Nathan and Beckmann, Bradford and Black, Gabriel and Reinhardt, Steven K. and Saidi, Ali and Basu, Arkaprava and Hestness, Joel and Hower, Derek R. and Krishna, Tushar and Sardashti, Somayeh and Sen, Rathijit and Sewell, Korey and Shoaib, Muhammad and Vaish, Nilay and Hill, Mark D. and Wood, David A.},
 title = {The Gem5 Simulator},
 journal = {SIGARCH Comput. Archit. News},
 issue_date = {May 2011},
 volume = {39},
 number = {2},
 month = aug,
 year = {2011},
 issn = {0163-5964},
 pages = {1--7},
 numpages = {7},
 url = {http://doi.acm.org/10.1145/2024716.2024718},
 doi = {10.1145/2024716.2024718},
 acmid = {2024718},
 publisher = {ACM},
 address = {New York, NY, USA},
} 


@misc{PaulKocher,
  title = {Spectre Mitigations in Microsoft's C/C++ Compiler },
  howpublished = {\url{https://www.paulkocher.com/doc/MicrosoftCompilerSpectreMitigation.html}},
  note = {Accessed: 2019-09-30}
}

@TechReport{FANNnissen03,
author = {S. Nissen},
title = {Implementation of a Fast Artificial Neural Network Library (fann)},
institution = {Department of Computer Science University of Copenhagen (DIKU)},
year = {2003},
note = {http://fann.sf.net},
}

@article{AvoidingOverfitting2018,
  author    = {V. I. Avrutskiy},
  title     = {Avoiding overfitting of multilayer perceptrons by training derivatives},
  journal   = {CoRR},
  volume    = {abs/1802.10301},
  year      = {2018},
  url       = {http://arxiv.org/abs/1802.10301},
  archivePrefix = {arXiv},
  eprint    = {1802.10301},
  timestamp = {Mon, 13 Aug 2018 16:48:50 +0200},
  biburl    = {https://dblp.org/rec/bib/journals/corr/abs-1802-10301},
  bibsource = {dblp computer science bibliography, https://dblp.org}
}


@inproceedings{intelISCA2019,
 author = {Tarsa, Stephen J. and Chowdhury, Rangeen Basu Roy and Sebot, Julien and Chinya, Gautham and Gaur, Jayesh and Sankaranarayanan, Karthik and Lin, Chit-Kwan and Chappell, Robert and Singhal, Ronak and Wang, Hong},
 title = {Post-silicon CPU Adaptation Made Practical Using Machine Learning},
 booktitle = {Proceedings of the 46th International Symposium on Computer Architecture},
 series = {ISCA '19},
 year = {2019},
 isbn = {978-1-4503-6669-4},
 location = {Phoenix, Arizona},
 pages = {14--26},
 numpages = {13},
 url = {http://doi.acm.org/10.1145/3307650.3322267},
 doi = {10.1145/3307650.3322267},
 acmid = {3322267},
 publisher = {ACM},
 address = {New York, NY, USA},
 keywords = {adaptive hardware, clustered architectures, machine learning, runtime optimization},
} 

@ARTICLE{RosenblattPerceptron,
author={F. {Rosenblatt}},
journal={Proceedings of the IRE},
title={Perceptron Simulation Experiments},
year={1960},
volume={48},
number={3},
pages={301-309},
keywords={Computational modeling;Brain modeling;Laboratories;Computer simulation;Predictive models;Neurons;Pattern recognition;Digital simulation;Mathematical analysis;Retina},
doi={10.1109/JRPROC.1960.287598},
ISSN={0096-8390},
month={March},}


@inproceedings{mushtaq:cel-01824512,
  TITLE = {{Cache-Based Side-Channel Intrusion Detection using Hardware Performance Counters}},
  AUTHOR = {Mushtaq, Maria and Akram, Ayaz and Bhatti, Muhammad Khurram and Lapotre, Vianney and Gogniat, Guy},
  URL = {https://hal.archives-ouvertes.fr/cel-01824512},
  BOOKTITLE = {{CryptArchi 2018 - 16th International Workshops on Cryptographic architectures embedded in logic devices}},
  ADDRESS = {Lorient, France},
  YEAR = {2018},
  MONTH = Jun,
  PDF = {https://hal.archives-ouvertes.fr/cel-01824512/file/cryptarchi%20%282%29.pdf},
  HAL_ID = {cel-01824512},
  HAL_VERSION = {v1},
}


@InProceedings{GrussFlushFlush,
author="Gruss, Daniel
and Maurice, Cl{\'e}mentine
and Wagner, Klaus
and Mangard, Stefan",
editor="Caballero, Juan
and Zurutuza, Urko
and Rodr{\'i}guez, Ricardo J.",
title="Flush+Flush: A Fast and Stealthy Cache Attack",
booktitle="Detection of Intrusions and Malware, and Vulnerability Assessment",
year="2016",
publisher="Springer International Publishing",
address="Cham",
pages="279--299",
abstract="Research on cache attacks has shown that CPU caches leak significant information. Proposed detection mechanisms assume that all cache attacks cause more cache hits and cache misses than benign applications and use hardware performance counters for detection.",
isbn="978-3-319-40667-1"
}
@INPROCEEDINGS{ICCAD2015Wang,
author={X. {Wang} and C. {Konstantinou} and M. {Maniatakos} and R. {Karri}},
booktitle={2015 IEEE/ACM International Conference on Computer-Aided Design (ICCAD)},
title={ConFirm: Detecting firmware modifications in embedded systems using Hardware Performance Counters},
year={2015},
volume={},
number={},
pages={544-551},
keywords={embedded systems;firmware;microprocessor chips;security of data;ConFirm;firmware modification detection;embedded systems;hardware performance counters;infrastructure components;microprocessor-based embedded control systems;security measures;computing systems;stringent performance;resource constraints;software-level techniques;malicious behavior detection;low-level hardware events;ARM-based embedded processors;PowerPC-based embedded processors;Hardware;Monitoring;Embedded systems;Algorithms;Performance evaluation;Program processors},
doi={10.1109/ICCAD.2015.7372617},
ISSN={},
month={Nov},}

@inproceedings{Tang2014,
author = {Tang, Adrian and Sethumadhavan, Simha and Stolfo, Salvatore},
year = {2014},
month = {03},
pages = {},
title = {Unsupervised Anomaly-Based Malware Detection Using Hardware Features},
volume = {8688},
doi = {10.1007/978-3-319-11379-1_6}
}

@inproceedings{Malone2011STC,
 author = {Malone, Corey and Zahran, Mohamed and Karri, Ramesh},
 title = {Are Hardware Performance Counters a Cost Effective Way for Integrity Checking of Programs},
 booktitle = {Proceedings of the Sixth ACM Workshop on Scalable Trusted Computing},
 series = {STC '11},
 year = {2011},
 isbn = {978-1-4503-1001-7},
 location = {Chicago, Illinois, USA},
 pages = {71--76},
 numpages = {6},
 url = {http://doi.acm.org/10.1145/2046582.2046596},
 doi = {10.1145/2046582.2046596},
 acmid = {2046596},
 publisher = {ACM},
 address = {New York, NY, USA},
 keywords = {hardware performance counters, integrity},
} 

@article{cacheBasedDetection2016Chiappetta,
  title={Real time detection of cache-based side-channel attacks using hardware performance counters},
  author={Chiappetta, Marco and Savas, Erkay and Yilmaz, Cemal},
  journal={Applied Soft Computing},
  volume={49},
  pages={1162--1174},
  year={2016},
  publisher={Elsevier}
}

@online{BlackHatFogh,
  title = {These are Not Your Grand Daddy’s CPU Performance Counters - CPU Hardware Performance Counters for Security},
  url = {https://www.blackhat.com/docs/us-15/materials/us-15-Herath-These-Are-Not-Your-Grand-Daddys-CPU-Performance-Counters-CPU-Hardware-Performance-Counters-For-Security.pdf},
  author={Herath,Fogh},
  urldate = {Accessed: 2019-07-20}
}
@inproceedings{payer2016hexpads,
  title={HexPADS: a platform to detect stealth attacks},
  author={Payer, Mathias},
  booktitle={International Symposium on Engineering Secure Software and Systems},
  pages={138--154},
  year={2016},
  organization={Springer}
}
@inproceedings{noCLFLUSH,
 author = {Oren, Yossef and Kemerlis, Vasileios P. and Sethumadhavan, Simha and Keromytis, Angelos D.},
 title = {The Spy in the Sandbox: Practical Cache Attacks in JavaScript and Their Implications},
 booktitle = {Proceedings of the 22Nd ACM SIGSAC Conference on Computer and Communications Security},
 series = {CCS '15},
 year = {2015},
 isbn = {978-1-4503-3832-5},
 location = {Denver, Colorado, USA},
 pages = {1406--1418},
 numpages = {13},
 url = {http://doi.acm.org/10.1145/2810103.2813708},
 doi = {10.1145/2810103.2813708},
 acmid = {2813708},
 publisher = {ACM},
 address = {New York, NY, USA},
 keywords = {cache-timing attacks, covert channel, javascript-based cache attacks, side-channel attacks, user tracking},
} 
s

@book{patterson-hennessy,
 author = {Patterson, David A. and Hennessy, John L.},
 title = {Computer Organization and Design, Fifth Edition: The Hardware/Software Interface},
 year = {2013},
 isbn = {0124077269, 9780124077263},
 edition = {5th},
 publisher = {Morgan Kaufmann Publishers Inc.},
 address = {San Francisco, CA, USA},
} 


@inproceedings{cfi,
  author    = {Mart{\'{\i}}n Abadi and
               Mihai Budiu and
               {\'{U}}lfar Erlingsson and
               Jay Ligatti},
  title     = {Control-flow integrity},
  booktitle = {ACM Conference on Computer and Communications Security (CCS)},
  year      = {2005},
}

@inproceedings{vanderveen15,
  title={Practical context-sensitive {CFI}},
  author={van der Veen, Victor and Andriesse, Dennis and
                  G{\"o}kta{\c{s}}, Enes and Gras, Ben and Sambuc,
                  Lionel and Slowinska, Asia and Bos, Herbert and
                  Giuffrida, Cristiano},
  booktitle={ACM Conference on Computer and Communications Security (CCS)},
  year={2015},
}

@inproceedings{ucfi,
  title = {Enforcing Unique Code Target Property for Control-Flow Integrity},
  author = {Hong Hu and Chenxiong Qian and Carter Yagemann and
            Simon Pak Ho Chung and William R. Harris and Taesoo Kim and Wenke Lee},
  booktitle = {ACM Conference on Computer and Communications Security (CCS)},
  year = 2018
}

@article{burow2016,
  title={Control-Flow Integrity: Precision, Security, and Performance},
  author={Burow, Nathan and Carr, Scott A and Brunthaler, Stefan and
                  Payer, Mathias and Nash, Joseph and Larsen, Per and
                  Franz, Michael},
  journal={arXiv preprint arXiv:1602.04056},
  year={2016}
}

@inproceedings{carlini14,
  author    = {Nicholas Carlini and
               David Wagner},
  title     = {{ROP} is Still Dangerous: Breaking Modern Defenses},
  booktitle = {{USENIX} Security},
  year      = {2014},
}

@inproceedings{carlini15,
title={Control-flow bending: On the effectiveness of control-flow
                  integrity},
  author={Carlini, Nicholas and Barresi, Antonio and Payer, Mathias
                  and Wagner, David and Gross, Thomas R},
  booktitle={{USENIX} Security},
  year={2015}
}

@inproceedings{conti2015losing,
  title={Losing control: On the effectiveness of control-flow integrity under stack attacks},
  author={Conti, Mauro and Crane, Stephen and Davi, Lucas and Franz, Michael and Larsen, Per and Negro, Marco and Liebchen, Christopher and Qunaibit, Mohaned and Sadeghi, Ahmad-Reza},
  booktitle={ACM Conference on Computer and Communications Security (CCS)},
  year={2015}
}

@inproceedings{davi14,
  title={Hardware-assisted fine-grained control-flow integrity:
                  Towards efficient protection of embedded systems
                  against software exploitation},
  author={Davi, Lucas and Koeberl, Patrick and Sadeghi, Ahmad-Reza},
  booktitle={Design Automation Conference (DAC)},
  year={2014},
}

@inproceedings{davi2015hafix,
  title={HAFIX: Hardware-assisted flow integrity extension},
  author={Davi, Lucas and Hanreich, Matthias and Paul, Debayan and Sadeghi, Ahmad-Reza and Koeberl, Patrick and Sullivan, Dean and Arias, Orlando and Jin, Yier},
  booktitle={Design Automation Conference (DAC)},
  year={2015}
}

@inproceedings{christoulakis2016hcfi,
  title={Hcfi: Hardware-enforced control-flow integrity},
  author={Christoulakis, Nick and Christou, George and Athanasopoulos, Elias and Ioannidis, Sotiris},
  booktitle={ACM Conference on Data and Application Security and Privacy (CODASPY)},
  year={2016}
}

@inproceedings{kayaalp2012branch,
  title={Branch regulation: Low-overhead protection from code reuse attacks},
  author={Kayaalp, Mehmet and Ozsoy, Meltem and Abu-Ghazaleh, Nael and Ponomarev, Dmitry},
  booktitle={International Symposium on Computer Architecture (ISCA)},
  year={2012}
}

@inproceedings{evans15,
  title={Control jujutsu: On the weaknesses of fine-grained control
                  flow integrity},
  author={Evans, Isaac and Long, Fan and Otgonbaatar, Ulziibayar and
                  Shrobe, Howard and Rinard, Martin and Okhravi, Hamed
                  and Sidiroglou-Douskos, Stelios},
  booktitle={ACM Conference on Computer and Communications Security (CCS)},
  year={2015},
}

@inproceedings{mashtizadeh15,
  title={CCFI: Cryptographically enforced control flow integrity},
  author={Mashtizadeh, Ali Jos{\'e} and Bittau, Andrea and Boneh, Dan
                  and Mazi{\`e}res, David},
  booktitle={ACM Conference on Computer and Communications Security (CCS)},
  year={2015},
}

@inproceedings{niu14a,
  title={Modular control-flow integrity},
  author={Niu, Ben and Tan, Gang},
  booktitle={ACM SIGPLAN Conference on Programming Language Design and Implementation (PLDI)},
  year={2014},
}

@inproceedings{niu15,
  author    = {Ben Niu and
               Gang Tan},
  title     = {Per-Input Control-Flow Integrity},
  booktitle = {ACM Conference on Computer and Communications Security (CCS)},
  year      = {2015},
}

@inproceedings{tice14,
  title={Enforcing forward-edge control-flow integrity in GCC \& LLVM},
  author={Tice, Caroline and Roeder, Tom and Collingbourne, Peter and
                  Checkoway, Stephen and Erlingsson, {\'U}lfar and
                  Lozano, Luis and Pike, Geoff},
  booktitle={{USENIX} Security},
  year={2014}
}

@inproceedings{zhang13a,
  title={Practical control flow integrity and randomization for binary
                  executables},
  author={Zhang, Chao and Wei, Tao and Chen, Zhaofeng and Duan, Lei
                  and Szekeres, Laszlo and McCamant, Stephen and Song,
                  Dong and Zou, Wei},
  booktitle={IEEE Symposium on Security and Privacy (Oakland)},
  year={2013},
}

@inproceedings{zhang13b,
  title={Control Flow Integrity for {COTS} Binaries.},
  author={Zhang, Mingwei and Sekar, R},
  booktitle={{USENIX} Security},
  year={2013}
}

@inproceedings{griffin,
    title = {GRIFFIN: Guarding Control Flows Using Intel Processor Trace},
    author = {Xinyang Ge and Weidong Cui and Trent Jaeger},
    booktitle = {International Conference on Architectural Support for Programming Languages and Operating Systems (ASPLOS)},
    year = {2017}
}

@inproceedings{pittypat,
  title = {Efficient Protection of Path-Sensitive Control Security},
  author = {Ren Ding and Chenxiong Qian and Chengyu Song and Bill Harris and Taesoo Kim and Wenke Lee},
  booktitle = {{USENIX} Security},
  year = 2017
}

@inproceedings{van2016tough,
  title={A tough call: Mitigating advanced code-reuse attacks at the binary level},
  author={van der Veen, Victor and G{\"o}ktas, Enes and Contag, Moritz and Pawoloski, Andre and Chen, Xi and Rawat, Sanjay and Bos, Herbert and Holz, Thorsten and Athanasopoulos, Elias and Giuffrida, Cristiano},
  booktitle={IEEE Symposium on Security and Privacy (Oakland)},
  year={2016}
}

@inproceedings{niu14b,
  title={RockJIT: Securing just-in-time compilation using modular
                  control-flow integrity},
  author={Niu, Ben and Tan, Gang},
  booktitle={ACM Conference on Computer and Communications Security (CCS)},
  year={2014}
}

@inproceedings{xia2012cfimon,
  title={CFIMon: Detecting violation of control flow integrity using performance counters},
  author={Xia, Yubin and Liu, Yutao and Chen, Haibo and Zang, Binyu},
  booktitle={Annual IEEE/IFIP International Conference on Dependable Systems and Networks (DSN)},
  year={2012}
}

@inproceedings{pappas13,
  author    = {Vasilis Pappas and
               Michalis Polychronakis and
               Angelos D. Keromytis},
  title     = {Transparent {ROP} Exploit Mitigation Using Indirect
                  Branch Tracing},
  booktitle = {{USENIX} Security},
  year      = {2013},
}

@inproceedings{cheng14,
  author    = {Yueqiang Cheng and
               Zongwei Zhou and
               Miao Yu and
               Xuhua Ding and
               Robert H. Deng},
  title     = {ROPecker: {A} Generic and Practical Approach For
                  Defending Against {ROP} Attacks},
  booktitle = {Annual Network and Distributed System Security Symposium (NDSS)},
  year      = {2014},
}

@inproceedings{gu2017pt,
  title={PT-CFI: Transparent backward-edge control flow violation detection using intel processor trace},
  author={Gu, Yufei and Zhao, Qingchuan and Zhang, Yinqian and Lin, Zhiqiang},
  booktitle={ACM on Conference on Data and Application Security and Privacy (CODASPY)},
  year={2017}
}

@misc{intel-cet,
  author={{Intel Corporation}},
  title={Control-flow Enforcement Technology Preview},
  year={2017},
  howpublished={\url{https://software.intel.com/sites/default/files/managed/4d/2a/control-flow-enforcement-technology-preview.pdf}}
}

@misc{arm-bti,
  author={{ARM Limited}},
  title={ARM{\textregistered} A64 Instruction Set Architecture (00bet9)},
  year={2018}
}

@misc{pax-future,
  author={{PAX team}},
  title={Future of PaX},
  year={2002},
  howpublished={\url{https://pax.grsecurity.net/docs/pax-future.txt}}
}

@misc{rap,
  author={{PAX team}},
  title={{RAP}: {RIP} {ROP}},
  year={2015},
  howpublished={\url{https://pax.grsecurity.net/docs/PaXTeam-H2HC15-RAP-RIP-ROP.pdf}}
}

@inproceedings{wang2009fpvalidator,
  title={FPValidator: validating type equivalence of function pointers on the fly},
  author={Wang, Hua and Guo, Yao and Chen, Xiangqun},
  booktitle={Annual Computer Security Applications Conference (ACSAC)},
  year={2009}
}

@inproceedings{goktas2014out,
  title={Out of control: Overcoming control-flow integrity},
  author={G{\"o}ktas, Enes and Athanasopoulos, Elias and Bos, Herbert and Portokalidis, Georgios},
  booktitle={IEEE Symposium on Security and Privacy (Oakland)},
  year={2014}
}

%%%

@inproceedings{meltdown,
 author = {M. Lipp and M. Schwarz and D. Gruss and T. Prescher and W. Haas and A. Fogh and J. Horn and S. Mangard and P. Kocher and D. Genkin and Y. Yarom and M. Hamburg},
 title = {Meltdown: Reading Kernel Memory from User Space},
 booktitle = {USENIX Security Symposium (Security)},
 year = {2018},
}

@inproceedings{spectre,
 author={P. Kocher and J. Horn and A. Fogh and D. Genkin and D. Gruss and W. Haas and M. Hamburg and M. Lipp and S. Mangard and T. Prescher and M. Schwarz and Y. Yarom},
 title={Spectre Attacks: Exploiting Speculative Execution},
 booktitle={IEEE Symposium on Security and Privacy (Oakland)},
 year={2019}
}

@article{kiriansky2018speculative,
  title={Speculative buffer overflows: Attacks and defenses},
  author={Kiriansky, V. and Waldspurger, C.},
  journal={arXiv preprint arXiv:1807.03757},
  year={2018}
}

@misc{ssp2018,
  title={speculative execution, variant 4: speculative store by-pass},
  author={J. Horn},
  year={2018},
  howpublished={\url{https://bugs.chromium.org/p/project- zero/issues/ detail?id=1528}}
}

@inproceedings{koruyeh2018spectre,
  title={Spectre returns! speculation attacks using the return stack buffer},
  author={Koruyeh, E. and Khasawneh, K. and Song, C. and Abu-Ghazaleh, N.},
  booktitle={USENIX Workshop on Offensive Technologies (WOOT)},
  year={2018}
}

@inproceedings{maisuradze2018ret2spec,
  title={ret2spec: Speculative execution using return stack buffers},
  author={Maisuradze, G. and Rossow, C.},
  booktitle={ACM Conference on Computer and Communications Security (CCS)},
  year={2018},
}

@inproceedings{evtyushkin-18,
  title={BranchScope: A New Side-Channel Attack on Directional Branch Predictor},
  author={Evtyushkin, D. and Riley, R. and Abu-Ghazaleh, N. and Ponomarev, D.},
  booktitle={ACM International Conference on Architectural Support for Programming Languages and Operating Systems (ASPLOS)},
  year={2018}
  }
  
  @inproceedings{van2018foreshadow,
  title={Foreshadow: Extracting the keys to the Intel SGX kingdom with transient out-of-order execution},
  author={Van B., Jo and Minkin, M. and Weisse, O. and Genkin, D. and Kasikci, B. and Piessens, F. and Silberstein, M. and Wenisch, T. F and Yarom, Y. and Strackx, R.},
  booktitle={USENIX Security Symposium (Security)},
  year={2018}
}

@techreport{weisse2018foreshadow,
  title={Foreshadow-{NG}: Breaking the virtual memory abstraction with transient out-of-order execution},
  author={Weisse, O. and Van, J. and Minkin, M. and Genkin, D. and Kasikci, B. and Piessens, F. and Silberstein, M. and Strackx, R. and Wenisch, T. and Yarom, Y.},
  year={2018},
  booktitle={Technical report}
}

@article{stecklina2018lazyfp,
  title={LazyFP: Leaking FPU Register State using Microarchitectural Side-Channels},
  author={Stecklina, J. and Prescher, T.},
  journal={arXiv preprint arXiv:1806.07480},
  year={2018}
}

@misc{armv3aspectre,
  title={Vulnerability of speculative processors to cache timing side-channel mechanism},
  author={ARM},
  year={2018},
  howpublished={\url{https://developer.arm.com/support/security-update}}
}

@inproceedings{bounov16,
  title={Protecting {C++} dynamic dispatch through vtable
                  interleaving},
  author={Bounov, Dimitar and K{\i}c{\i}, Rami G{\"o}khan and Lerner, Sorin},
  booktitle={Network and Distributed System Security Symposium (NDSS)},
  year={2016}
}

@inproceedings{jang14,
  title={{SafeDispatch}: Securing {C++} Virtual Calls from Memory
                  Corruption Attacks.},
  author={Jang, Dongseok and Tatlock, Zachary and Lerner, Sorin},
  booktitle={Network and Distributed System Security Symposium (NDSS)},
  year={2014}
}

@inproceedings{prakash15,
  title={{vfGuard}: Strict Protection for Virtual Function Calls in {COTS}
                  {C++} Binaries.},
  author={Prakash, Aravind and Hu, Xunchao and Yin, Heng},
  booktitle={Network and Distributed System Security Symposium (NDSS)},
  year={2015}
}

@inproceedings{zhang15,
  title={{VTint}: Defending virtual function tables' integrity},
  author={Zhang, Chao and Song, Chengyu and Chen, Kevin Zhijie and
                  Chen, Zhaofeng and Song, Dawn},
  booktitle={Network and Distributed System Security Symposium (NDSS)},
  year={2015}
}

@inproceedings{zhang2016vtrust,
  title={VTrust: Regaining Trust on Virtual Calls.},
  author={Zhang, Chao and Song, Dawn and Carr, Scott A and
          Payer, Mathias and Li, Tongxin and Ding, Yu and Song, Chengyu},
  booktitle={Network and Distributed System Security Symposium (NDSS)},
  year={2016}
}

@misc{retpoline,
  title={Retpoline: a software construct for preventing branch-target-injection},
  author={Turner, P.},
  year={2018},
  howpublished={\url{https://support.google.com/faqs/answer/7625886}}
}

@misc{intel_microcode_overhead,
  title={Clarifying the Spectre mitigations},
  author={Matthew Dillon},
  year={2018},
  howpublished={\url{http://lists.dragonflybsd.org/pipermail/users/2018-January/335637.html}}
}



@misc{rsb_refill,
  title={Retpoline: A Branch Target Injection Mitigation},
  author={Intel},
  year={2018},
  howpublished={\url{https://software.intel.com/security-software-guidance/api-app/sites/default/files/Retpoline-A-Branch-Target-Injection-Mitigation.pdf}}
}

@misc{programming_guidelines,
  author = {Chandler Carruth},
  title = {Mitigating Speculative Attacks in Crypto},
  year = {2018},
  publisher = {GitHub},
  journal = {GitHub repository},
  howpublished = {\url{https://github.com/HACS-workshop/spectre-mitigations/blob/master/crypto_guidelines.md}}
}

@misc{intelanalysis,
  title={Intel analysis of speculative execution side channels},
  author={Intel},
  year={2018},
  howpublished={\url{https://newsroom.intel.com/wp-content/uploads/sites/11/2018/01/Intel-Analysis-of-Speculative-Execution-Side-Channels.pdf}}
}

@misc{intel_mitigations,
  title={Speculative Execution Side Channel Mitigations},
  author={Intel},
  year={2018},
  howpublished={\url{https://software.intel.com/security-software-guidance/api-app/sites/default/files/336996-Speculative-Execution-Side-Channel-Mitigations.pdf}}
}

@misc{arm_css,
  title={Cache Speculative Side-channels},
  author={ARM},
  year={2018},
  howpublished={\url{https://bugs.chromium.org/p/project- zero/issues/ detail?id=1528}}
}

@misc{amd,
  title={Software Techniques For Managing Speculation on AMD Processors},
  author={ADVANCED MICRO DEVICES, INC},
  year={2018},
  howpublished={\url{https://developer.amd.com/wp-content/resources/90343-B_SoftwareTechniquesforManagingSpeculation_WP_7-18Update_FNL.pdf}}
}

@misc{spectre-msvc,
  title={Spectre mitigations in MSVC},
  author={Microsoft},
  year={2018},
  howpublished={\url{https://blogs.msdn.microsoft.com/vcblog/2018/01/15/spectre-mitigations-in-msvc/}}
}

@misc{Respectre,
  title={Respectre: The state of the art in spectre defenses},
  author={Open Source Security Inc.},
  year={2018},
  howpublished={\url{https://www.grsecurity.net/respectre_announce.php}}
}

@article{netspectre,
  title={Netspectre: Read arbitrary memory over network},
  author={Schwarz, Michael and Schwarzl, Martin and Lipp, Moritz and Gruss, Daniel},
  journal={arXiv preprint arXiv:1807.10535},
  year={2018}
}

@article{oleksenko2018you,
  title={You Shall Not Bypass: Employing data dependencies to prevent Bounds Check Bypass},
  author={Oleksenko, Oleksii and Trach, Bohdan and Reiher, Tobias and Silberstein, Mark and Fetzer, Christof},
  journal={arXiv preprint arXiv:1805.08506},
  year={2018}
}

@misc{Paul_spectre,
  title={Spectre mitigations in Microsoft's C/C++ Compiler},
  author={Paul Kocher},
  year={2018},
  howpublished={\url{ MicrosoftCompilerSpectreMitigation.html}}
}

@misc{slh,
  title={RFC: Speculative Load Hardening (a Spectre variant 1	mitigation)},
  author={Chandler Carruth},
  year={2018},
  howpublished={\url{https://lists.llvm.org/pipermail/llvm-dev/2018-March/122085.html}}
}

@article{oo7,
  title={oo7: Low-overhead defense against spectre attacks via binary analysis},
  author={Wang, Guanhua and Chattopadhyay, Sudipta and Gotovchits, Ivan and Mitra, Tulika and Roychoudhury, Abhik},
  journal={arXiv preprint arXiv:1807.05843},
  year={2018}
}

@inproceedings{yan2018invisispec,
  title={InvisiSpec: Making Speculative Execution Invisible in the Cache Hierarchy},
  author={Yan, M. and Choi, J. and Skarlatos, D. and Morrison, A. and Fletcher, C. and Torrellas, J.},
  year={2018},
  booktitle={IEEE/ACM International Symposium on Microarchitecture (MICRO)}
}

@inproceedings{taram_csf19,
  title={Context-Sensitive Fencing: Securing Speculative Execution via Microcode Customization},
  author={Mohammadkazem Taram and Ashish Venkat and Dean Tullsen},
  year={2019},
  booktitle={ACM International Conference on Architectural Support for Programming Languages and Operating Systems (ASPLOS)}
}

@inproceedings{safespec,
  title={SafeSpec: Banishing the Spectre of a Meltdown with Leakage-Free Speculation},
  author={Khasawneh, Khaled N and Koruyeh, Esmaeil Mohammadian and Song, Chengyu and Evtyushkin, Dmitry and Ponomarev, Dmitry and Abu-Ghazaleh, Nael},
  booktitle={Design Automation Conference (DAC)},
  year={2019}
}

@article{kiriansky18dawg,
  title={DAWG: A Defense Against Cache Timing Attacks in Speculative Execution Processors},
  author={Kiriansky, V. and Lebedev, I. and Amarasinghe, S. and Devadas, S. and Emer, J.},
    year={2018},
  booktitle={IEEE/ACM International Symposium on Microarchitecture (MICRO)}}
}

@misc{ao486,
  author = {Aleksander, Osman},
  title = {The ao486 project},
  year = {2014},
  publisher = {GitHub},
  journal = {GitHub repository},
  howpublished = {\url{https://github.com/alfikpl/ao486}}
}
@misc{altera-DE2,
  title = {Altera DE2-115 Development and Education Board},
  year = {2010},
  publisher = {},
  journal = {},
  howpublished = {\url{https://www.altera.com/solutions/partners/partner-profile/terasic-inc-/board/altera-de2-115-development-and-education-board.html#overview}}
}

@misc{spec2017,
  title = {SPEC CPU2017 Documentation},
  year = {2017},
  publisher = {},
  journal = {},
  howpublished = {\url{https://www.spec.org/cpu2017/Docs}}
}

@misc{llvm_test,
  title = {Test Suite Extensions},
  year = {2019},
  publisher = {},
  journal = {},
  howpublished = {\url{https://llvm.org/docs/Proposals/TestSuite.html}}
}


@inproceedings{marssx86,
  title={Marss-x86: A qemu-based micro-architectural and systems simulator for x86 multicore processors},
  author={Patel, A. and Afram, F. and Ghose, K.},
  booktitle={Proc. of QUF},
  year={2011}
}

@inproceedings{qemu,
  title={QEMU, a fast and portable dynamic translator.},
  author={Bellard, Fabrice},
  booktitle={USENIX Annual Technical Conference},
  volume={41},
  pages={46},
  year={2005}
}

@inproceedings{ptlsim,
  title={PTLsim: A cycle accurate full system x86-64 microarchitectural simulator},
  author={Yourst, M. T.},
  booktitle={Proc. of ISPASS},
  year={2007}
}
@article{block1962perceptron,
  title={The perceptron: A model for brain functioning. i},
  author={Block, Hans-Dieter},
  journal={Reviews of Modern Physics},
  volume={34},
  number={1},
  pages={123},
  year={1962},
  publisher={APS}
}
@misc{gulmezoglu2019fortuneteller,
    title={FortuneTeller: Predicting Microarchitectural Attacks via Unsupervised Deep Learning},
    author={Berk Gulmezoglu and Ahmad Moghimi and Thomas Eisenbarth and Berk Sunar},
    year={2019},
    eprint={1907.03651},
    archivePrefix={arXiv},
    primaryClass={cs.CR}
}
@article{lee1993feature,
  title={Feature extraction and classification algorithms for high dimensional data},
  author={Lee, Chulhee and Landgrebe, David},
  year={1993}
}
@misc{SWAPGS,
  title = {CRITICAL SWAPGS ATTACK},
  howpublished = {\url{https://www.bitdefender.com}},
  note = {Accessed: 2019-08-16}
}



@techreport{port-contention,
key="aldaya",
title="Port Contention for Fun and Profit",
author={Alejandro Cabrera Aldaya and Billy Bob Brumley and Sohaib ul Hassan and Cesar Pereida García and Nicola Tuveri},
booktitle="IACR Tech. report number 2018/1060",
note="Available from \url{https://eprint.iacr.org/2018/1060.pdf}",
year=2018
}

@inproceedings{yeh-92,
  title={Alternative implementations of two-level adaptive branch prediction},
  author={Yeh, Tse-Yu and Patt, Yale N},
  booktitle={ACM SIGARCH Computer Architecture News},
  volume={20},
  number={2},
  pages={124--134},
  year={1992}
}

@inproceedings{evtyushkin-16,
  title={Jump over ASLR: Attacking branch predictors to bypass ASLR},
  author={Evtyushkin, Dmitry and Ponomarev, Dmitry and Abu-Ghazaleh, Nael},
  booktitle={Proc. IEEE/ACM International Symposium on Microarchitecture (Micro)},
  year={2016}
}

@book{patterson-hennessy,
 author = {Patterson, David A. and Hennessy, John L.},
 title = {Computer Organization and Design, Fifth Edition: The Hardware/Software Interface},
 year = {2013},
 isbn = {0124077269, 9780124077263},
 edition = {5th},
 publisher = {Morgan Kaufmann Publishers Inc.},
 address = {San Francisco, CA, USA},
} 


@inproceedings{cfi,
  author    = {Mart{\'{\i}}n Abadi and
               Mihai Budiu and
               {\'{U}}lfar Erlingsson and
               Jay Ligatti},
  title     = {Control-flow integrity},
  booktitle = {ACM Conference on Computer and Communications Security (CCS)},
  year      = {2005},
}

@inproceedings{vanderveen15,
  title={Practical context-sensitive {CFI}},
  author={van der Veen, Victor and Andriesse, Dennis and
                  G{\"o}kta{\c{s}}, Enes and Gras, Ben and Sambuc,
                  Lionel and Slowinska, Asia and Bos, Herbert and
                  Giuffrida, Cristiano},
  booktitle={ACM Conference on Computer and Communications Security (CCS)},
  year={2015},
}

@inproceedings{ucfi,
  title = {Enforcing Unique Code Target Property for Control-Flow Integrity},
  author = {Hong Hu and Chenxiong Qian and Carter Yagemann and
            Simon Pak Ho Chung and William R. Harris and Taesoo Kim and Wenke Lee},
  booktitle = {ACM Conference on Computer and Communications Security (CCS)},
  year = 2018
}

@article{burow2016,
  title={Control-Flow Integrity: Precision, Security, and Performance},
  author={Burow, Nathan and Carr, Scott A and Brunthaler, Stefan and
                  Payer, Mathias and Nash, Joseph and Larsen, Per and
                  Franz, Michael},
  journal={arXiv preprint arXiv:1602.04056},
  year={2016}
}

@inproceedings{carlini14,
  author    = {Nicholas Carlini and
               David Wagner},
  title     = {{ROP} is Still Dangerous: Breaking Modern Defenses},
  booktitle = {{USENIX} Security},
  year      = {2014},
}

@inproceedings{carlini15,
title={Control-flow bending: On the effectiveness of control-flow
                  integrity},
  author={Carlini, Nicholas and Barresi, Antonio and Payer, Mathias
                  and Wagner, David and Gross, Thomas R},
  booktitle={{USENIX} Security},
  year={2015}
}

@inproceedings{conti2015losing,
  title={Losing control: On the effectiveness of control-flow integrity under stack attacks},
  author={Conti, Mauro and Crane, Stephen and Davi, Lucas and Franz, Michael and Larsen, Per and Negro, Marco and Liebchen, Christopher and Qunaibit, Mohaned and Sadeghi, Ahmad-Reza},
  booktitle={ACM Conference on Computer and Communications Security (CCS)},
  year={2015}
}

@inproceedings{schuster2015counterfeit,
  title={Counterfeit object-oriented programming: On the difficulty of preventing code reuse attacks in C++ applications},
  author={Schuster, Felix and Tendyck, Thomas and Liebchen, Christopher and Davi, Lucas and Sadeghi, Ahmad-Reza and Holz, Thorsten},
  booktitle={IEEE Symposium on Security and Privacy},
  pages={745--762},
  year={2015},
  organization={IEEE}
}

@inproceedings{davi14,
  title={Hardware-assisted fine-grained control-flow integrity:
                  Towards efficient protection of embedded systems
                  against software exploitation},
  author={Davi, Lucas and Koeberl, Patrick and Sadeghi, Ahmad-Reza},
  booktitle={Design Automation Conference (DAC)},
  year={2014},
}

@inproceedings{davi2015hafix,
  title={HAFIX: Hardware-assisted flow integrity extension},
  author={Davi, Lucas and Hanreich, Matthias and Paul, Debayan and Sadeghi, Ahmad-Reza and Koeberl, Patrick and Sullivan, Dean and Arias, Orlando and Jin, Yier},
  booktitle={Design Automation Conference (DAC)},
  year={2015}
}

@inproceedings{christoulakis2016hcfi,
  title={Hcfi: Hardware-enforced control-flow integrity},
  author={Christoulakis, Nick and Christou, George and Athanasopoulos, Elias and Ioannidis, Sotiris},
  booktitle={ACM Conference on Data and Application Security and Privacy (CODASPY)},
  year={2016}
}

@inproceedings{kayaalp2012branch,
  title={Branch regulation: Low-overhead protection from code reuse attacks},
  author={Kayaalp, Mehmet and Ozsoy, Meltem and Abu-Ghazaleh, Nael and Ponomarev, Dmitry},
  booktitle={International Symposium on Computer Architecture (ISCA)},
  year={2012}
}

@inproceedings{evans15,
  title={Control jujutsu: On the weaknesses of fine-grained control
                  flow integrity},
  author={Evans, Isaac and Long, Fan and Otgonbaatar, Ulziibayar and
                  Shrobe, Howard and Rinard, Martin and Okhravi, Hamed
                  and Sidiroglou-Douskos, Stelios},
  booktitle={ACM Conference on Computer and Communications Security (CCS)},
  year={2015},
}

@inproceedings{mashtizadeh15,
  title={CCFI: Cryptographically enforced control flow integrity},
  author={Mashtizadeh, Ali Jos{\'e} and Bittau, Andrea and Boneh, Dan
                  and Mazi{\`e}res, David},
  booktitle={ACM Conference on Computer and Communications Security (CCS)},
  year={2015},
}

@inproceedings{niu14a,
  title={Modular control-flow integrity},
  author={Niu, Ben and Tan, Gang},
  booktitle={ACM SIGPLAN Conference on Programming Language Design and Implementation (PLDI)},
  year={2014},
}

@inproceedings{niu15,
  author    = {Ben Niu and
               Gang Tan},
  title     = {Per-Input Control-Flow Integrity},
  booktitle = {ACM Conference on Computer and Communications Security (CCS)},
  year      = {2015},
}

@inproceedings{tice14,
  title={Enforcing forward-edge control-flow integrity in GCC \& LLVM},
  author={Tice, Caroline and Roeder, Tom and Collingbourne, Peter and
                  Checkoway, Stephen and Erlingsson, {\'U}lfar and
                  Lozano, Luis and Pike, Geoff},
  booktitle={{USENIX} Security},
  year={2014}
}

@inproceedings{zhang13a,
  title={Practical control flow integrity and randomization for binary
                  executables},
  author={Zhang, Chao and Wei, Tao and Chen, Zhaofeng and Duan, Lei
                  and Szekeres, Laszlo and McCamant, Stephen and Song,
                  Dong and Zou, Wei},
  booktitle={IEEE Symposium on Security and Privacy (Oakland)},
  year={2013},
}

@inproceedings{zhang13b,
  title={Control Flow Integrity for {COTS} Binaries.},
  author={Zhang, Mingwei and Sekar, R},
  booktitle={{USENIX} Security},
  year={2013}
}

@inproceedings{griffin,
    title = {GRIFFIN: Guarding Control Flows Using Intel Processor Trace},
    author = {Xinyang Ge and Weidong Cui and Trent Jaeger},
    booktitle = {International Conference on Architectural Support for Programming Languages and Operating Systems (ASPLOS)},
    year = {2017}
}

@inproceedings{pittypat,
  title = {Efficient Protection of Path-Sensitive Control Security},
  author = {Ren Ding and Chenxiong Qian and Chengyu Song and Bill Harris and Taesoo Kim and Wenke Lee},
  booktitle = {{USENIX} Security},
  year = 2017
}

@inproceedings{van2016tough,
  title={A tough call: Mitigating advanced code-reuse attacks at the binary level},
  author={van der Veen, Victor and G{\"o}ktas, Enes and Contag, Moritz and Pawoloski, Andre and Chen, Xi and Rawat, Sanjay and Bos, Herbert and Holz, Thorsten and Athanasopoulos, Elias and Giuffrida, Cristiano},
  booktitle={IEEE Symposium on Security and Privacy (Oakland)},
  year={2016}
}

@inproceedings{niu14b,
  title={RockJIT: Securing just-in-time compilation using modular
                  control-flow integrity},
  author={Niu, Ben and Tan, Gang},
  booktitle={ACM Conference on Computer and Communications Security (CCS)},
  year={2014}
}

@inproceedings{xia2012cfimon,
  title={CFIMon: Detecting violation of control flow integrity using performance counters},
  author={Xia, Yubin and Liu, Yutao and Chen, Haibo and Zang, Binyu},
  booktitle={Annual IEEE/IFIP International Conference on Dependable Systems and Networks (DSN)},
  year={2012}
}

@inproceedings{pappas13,
  author    = {Vasilis Pappas and
               Michalis Polychronakis and
               Angelos D. Keromytis},
  title     = {Transparent {ROP} Exploit Mitigation Using Indirect
                  Branch Tracing},
  booktitle = {{USENIX} Security},
  year      = {2013},
}

@inproceedings{cheng14,
  author    = {Yueqiang Cheng and
               Zongwei Zhou and
               Miao Yu and
               Xuhua Ding and
               Robert H. Deng},
  title     = {ROPecker: {A} Generic and Practical Approach For
                  Defending Against {ROP} Attacks},
  booktitle = {Annual Network and Distributed System Security Symposium (NDSS)},
  year      = {2014},
}

@inproceedings{gu2017pt,
  title={PT-CFI: Transparent backward-edge control flow violation detection using intel processor trace},
  author={Gu, Yufei and Zhao, Qingchuan and Zhang, Yinqian and Lin, Zhiqiang},
  booktitle={ACM on Conference on Data and Application Security and Privacy (CODASPY)},
  year={2017}
}

@misc{intel-cet,
  author={{Intel Corporation}},
  title={Control-flow Enforcement Technology Preview},
  year={2017},
  howpublished={\url{https://software.intel.com/sites/default/files/managed/4d/2a/control-flow-enforcement-technology-preview.pdf}}
}

@misc{arm-bti,
  author={{ARM Limited}},
  title={ARM{\textregistered} A64 Instruction Set Architecture (00bet9)},
  year={2018}
}

@misc{pax-future,
  author={{PAX team}},
  title={Future of PaX},
  year={2002},
  howpublished={\url{https://pax.grsecurity.net/docs/pax-future.txt}}
}

@misc{rap,
  author={{PAX team}},
  title={{RAP}: {RIP} {ROP}},
  year={2015},
  howpublished={\url{https://pax.grsecurity.net/docs/PaXTeam-H2HC15-RAP-RIP-ROP.pdf}}
}

@inproceedings{wang2009fpvalidator,
  title={FPValidator: validating type equivalence of function pointers on the fly},
  author={Wang, Hua and Guo, Yao and Chen, Xiangqun},
  booktitle={Annual Computer Security Applications Conference (ACSAC)},
  year={2009}
}

@inproceedings{goktas2014out,
  title={Out of control: Overcoming control-flow integrity},
  author={G{\"o}ktas, Enes and Athanasopoulos, Elias and Bos, Herbert and Portokalidis, Georgios},
  booktitle={IEEE Symposium on Security and Privacy (Oakland)},
  year={2014}
}

%%%



@article{kiriansky2018speculative,
  title={Speculative buffer overflows: Attacks and defenses},
  author={Kiriansky, V. and Waldspurger, C.},
  journal={arXiv preprint arXiv:1807.03757},
  year={2018}
}

@misc{ssp2018,
  title={speculative execution, variant 4: speculative store by-pass},
  author={J. Horn},
  year={2018},
  howpublished={\url{https://bugs.chromium.org/p/project- zero/issues/ detail?id=1528}}
}


@inproceedings{maisuradze2018ret2spec,
  title={ret2spec: Speculative execution using return stack buffers},
  author={Maisuradze, G. and Rossow, C.},
  booktitle={ACM Conference on Computer and Communications Security (CCS)},
  year={2018},
}

@inproceedings{evtyushkin-18,
  title={BranchScope: A New Side-Channel Attack on Directional Branch Predictor},
  author={Evtyushkin, D. and Riley, R. and Abu-Ghazaleh, N. and Ponomarev, D.},
  booktitle={ACM International Conference on Architectural Support for Programming Languages and Operating Systems (ASPLOS)},
  year={2018}
  }
  
@inproceedings{van2018foreshadow,
  title={Foreshadow: Extracting the keys to the Intel SGX kingdom with transient out-of-order execution},
  author={Van B., Jo and Minkin, M. and Weisse, O. and Genkin, D. and Kasikci, B. and Piessens, F. and Silberstein, M. and Wenisch, T. F and Yarom, Y. and Strackx, R.},
  booktitle={USENIX Security Symposium (Security)},
  year={2018}
}

@techreport{weisse2018foreshadow,
  title={Foreshadow-{NG}: Breaking the virtual memory abstraction with transient out-of-order execution},
  author={Weisse, O. and Van, J. and Minkin, M. and Genkin, D. and Kasikci, B. and Piessens, F. and Silberstein, M. and Strackx, R. and Wenisch, T. and Yarom, Y.},
  year={2018},
  booktitle={Technical report}
}

@article{stecklina2018lazyfp,
  title={LazyFP: Leaking FPU Register State using Microarchitectural Side-Channels},
  author={Stecklina, J. and Prescher, T.},
  journal={arXiv preprint arXiv:1806.07480},
  year={2018}
}

@misc{armv3aspectre,
  title={Vulnerability of speculative processors to cache timing side-channel mechanism},
  author={ARM},
  year={2018},
  howpublished={\url{https://developer.arm.com/support/security-update}}
}

@inproceedings{bounov16,
  title={Protecting {C++} dynamic dispatch through vtable
                  interleaving},
  author={Bounov, Dimitar and K{\i}c{\i}, Rami G{\"o}khan and Lerner, Sorin},
  booktitle={Network and Distributed System Security Symposium (NDSS)},
  year={2016}
}

@inproceedings{jang14,
  title={{SafeDispatch}: Securing {C++} Virtual Calls from Memory
                  Corruption Attacks.},
  author={Jang, Dongseok and Tatlock, Zachary and Lerner, Sorin},
  booktitle={Network and Distributed System Security Symposium (NDSS)},
  year={2014}
}

@inproceedings{prakash15,
  title={{vfGuard}: Strict Protection for Virtual Function Calls in {COTS}
                  {C++} Binaries.},
  author={Prakash, Aravind and Hu, Xunchao and Yin, Heng},
  booktitle={Network and Distributed System Security Symposium (NDSS)},
  year={2015}
}

@inproceedings{zhang15,
  title={{VTint}: Defending virtual function tables' integrity},
  author={Zhang, Chao and Song, Chengyu and Chen, Kevin Zhijie and
                  Chen, Zhaofeng and Song, Dawn},
  booktitle={Network and Distributed System Security Symposium (NDSS)},
  year={2015}
}

@inproceedings{zhang2016vtrust,
  title={VTrust: Regaining Trust on Virtual Calls.},
  author={Zhang, Chao and Song, Dawn and Carr, Scott A and
          Payer, Mathias and Li, Tongxin and Ding, Yu and Song, Chengyu},
  booktitle={Network and Distributed System Security Symposium (NDSS)},
  year={2016}
}


@misc{intel_microcode_overhead,
  title={Clarifying the Spectre mitigations},
  author={Matthew Dillon},
  year={2018},
  howpublished={\url{http://lists.dragonflybsd.org/pipermail/users/2018-January/335637.html}}
}



@misc{rsb_refill,
  title={Retpoline: A Branch Target Injection Mitigation},
  author={Intel},
  year={2018},
  howpublished={\url{https://software.intel.com/security-software-guidance/api-app/sites/default/files/Retpoline-A-Branch-Target-Injection-Mitigation.pdf}}
}

@misc{programming_guidelines,
  author = {Chandler Carruth},
  title = {Mitigating Speculative Attacks in Crypto},
  year = {2018},
  publisher = {GitHub},
  journal = {GitHub repository},
  howpublished = {\url{https://github.com/HACS-workshop/spectre-mitigations/blob/master/crypto_guidelines.md}}
}



@misc{intel_mitigations,
  title={Speculative Execution Side Channel Mitigations},
  author={Intel},
  year={2018},
  howpublished={\url{https://software.intel.com/security-software-guidance/api-app/sites/default/files/336996-Speculative-Execution-Side-Channel-Mitigations.pdf}}
}




@misc{amd-ssbd,
  author={{ADVANCED MICRO DEVICES, INC}},
  title={AMD64 Technology: Speculative Store Bypass Disable},
  howpublished={\url{https://developer.amd.com/wp- content/resources/ 124441_AMD64_SpeculativeStoreBypassDisable_ Whitepaper_final.pdf}},
  year=2018
}

@misc{spectre-msvc,
  title={Spectre mitigations in MSVC},
  author={Microsoft},
  year={2018},
  howpublished={\url{https://blogs.msdn.microsoft.com/vcblog/2018/01/15/spectre-mitigations-in-msvc/}}
}

@misc{Respectre,
  title={Respectre: The state of the art in spectre defenses},
  author={Open Source Security Inc.},
  year={2018},
  howpublished={\url{https://www.grsecurity.net/respectre_announce.php}}
}

@article{netspectre,
  title={Netspectre: Read arbitrary memory over network},
  author={Schwarz, Michael and Schwarzl, Martin and Lipp, Moritz and Gruss, Daniel},
  journal={arXiv preprint arXiv:1807.10535},
  year={2018}
}

@article{oleksenko2018you,
  title={You Shall Not Bypass: Employing data dependencies to prevent Bounds Check Bypass},
  author={Oleksenko, Oleksii and Trach, Bohdan and Reiher, Tobias and Silberstein, Mark and Fetzer, Christof},
  journal={arXiv preprint arXiv:1805.08506},
  year={2018}
}

@misc{Paul_spectre,
  title={Spectre mitigations in Microsoft's C/C++ Compiler},
  author={Paul Kocher},
  year={2018},
  howpublished={\url{ MicrosoftCompilerSpectreMitigation.html}}
}

@misc{slh,
  title={RFC: Speculative Load Hardening (a Spectre variant 1	mitigation)},
  author={Chandler Carruth},
  year={2018},
  howpublished={\url{https://lists.llvm.org/pipermail/llvm-dev/2018-March/122085.html}}
}

@article{oo7,
  title={oo7: Low-overhead defense against spectre attacks via binary analysis},
  author={Wang, Guanhua and Chattopadhyay, Sudipta and Gotovchits, Ivan and Mitra, Tulika and Roychoudhury, Abhik},
  journal={arXiv preprint arXiv:1807.05843},
  year={2018}
}




@article{kiriansky18dawg,
  title={DAWG: A Defense Against Cache Timing Attacks in Speculative Execution Processors},
  author={Kiriansky, V. and Lebedev, I. and Amarasinghe, S. and Devadas, S. and Emer, J.},
    year={2018},
  booktitle={IEEE/ACM International Symposium on Microarchitecture (MICRO)}}
}

@misc{ao486,
  author = {Aleksander, Osman},
  title = {The ao486 project},
  year = {2014},
  publisher = {GitHub},
  journal = {GitHub repository},
  howpublished = {\url{https://github.com/alfikpl/ao486}}
}
@misc{altera-DE2,
  title = {Altera DE2-115 Development and Education Board},
  year = {2010},
  publisher = {},
  journal = {},
  howpublished = {\url{https://www.altera.com/solutions/partners/partner-profile/terasic-inc-/board/altera-de2-115-development-and-education-board.html#overview}}
}

@misc{spec2017,
  title = {SPEC CPU2017 Documentation},
  year = {2017},
  publisher = {},
  journal = {},
  howpublished = {\url{https://www.spec.org/cpu2017/Docs}}
}

@misc{llvm_test,
  title = {Test Suite Extensions},
  year = {2019},
  publisher = {},
  journal = {},
  howpublished = {\url{https://llvm.org/docs/Proposals/TestSuite.html}}
}


@inproceedings{marssx86,
  title={Marss-x86: A qemu-based micro-architectural and systems simulator for x86 multicore processors},
  author={Patel, A. and Afram, F. and Ghose, K.},
  booktitle={Proc. of QUF},
  year={2011}
}

@inproceedings{qemu,
  title={QEMU, a fast and portable dynamic translator.},
  author={Bellard, Fabrice},
  booktitle={USENIX Annual Technical Conference},
  volume={41},
  pages={46},
  year={2005}
}

@inproceedings{ptlsim,
  title={PTLsim: A cycle accurate full system x86-64 microarchitectural simulator},
  author={Yourst, M. T.},
  booktitle={Proc. of ISPASS},
  year={2007}
}

@inproceedings{canella2018systematic,
  title={A Systematic Evaluation of Transient Execution Attacks and Defenses},
  author={Canella, Claudio and Van Bulck, Jo and Schwarz, Michael and Lipp, Moritz and von Berg, Benjamin and Ortner, Philipp and Piessens, Frank and Evtyushkin, Dmitry and Gruss, Daniel},
  booktitle={USENIX Security Symposium},
  year={2019}
}

@article{trippel2018meltdownprime,
  title={Meltdownprime and spectreprime: Automatically-synthesized attacks exploiting invalidation-based coherence protocols},
  author={Trippel, Caroline and Lustig, Daniel and Martonosi, Margaret},
  journal={arXiv preprint arXiv:1802.03802},
  year={2018}
}

@article{schwarz2019zombieload,
  title={ZombieLoad: Cross-Privilege-Boundary Data Sampling},
  author={Schwarz, Michael and Lipp, Moritz and Moghimi, Daniel and Van Bulck, Jo and Stecklina, Julian and Prescher, Thomas and Gruss, Daniel},
  journal={arXiv preprint arXiv:1905.05726},
  year={2019}
}


@article{fallout,
title={{Fallout}: Reading Kernel Writes From User Space},
author={Minkin, Marina and Moghimi, Daniel and Lipp, Moritz and Schwarz, Michael and Van Bulck, Jo, and Genkin, Daniel and Gruss, Daniel and Sunar, Berk and Piessens, Frank and Yarom, Yuval},
year={2019},
}
@misc{koruyeh2019speccfi,
    title={SPECCFI: Mitigating Spectre Attacks using CFI Informed Speculation},
    author={Esmaeil Mohammadian Koruyeh and Shirin Haji Amin Shirazi and Khaled N. Khasawneh and Chengyu Song and Nael Abu-Ghazaleh},
    year={2019},
    eprint={1906.01345},
    archivePrefix={arXiv},
    primaryClass={cs.CR}
}
@article{schwarz2019context,
  title={ConTExT: Leakage-Free Transient Execution},
  author={Schwarz, Michael and Schilling, Robert and Kargl, Florian and Lipp, Moritz and Canella, Claudio and Gruss, Daniel},
  journal={arXiv preprint arXiv:1905.09100},
  year={2019}
}

@inproceedings{taram2019context,
  title={Context-sensitive fencing: Securing speculative execution via microcode customization},
  author={Taram, Mohammadkazem and Venkat, Ashish and Tullsen, DM},
  year={2019}
}

@article{bhattacharyya2019smotherspectre,
  title={SMoTherSpectre: exploiting speculative execution through port contention},
  author={Bhattacharyya, Atri and Sandulescu, Alexandra and Neugschwandtner, Matthias and Sorniotti, Alessandro and Falsafi, Babak and Payer, Mathias and Kurmus, Anil},
  journal={arXiv preprint arXiv:1903.01843},
  year={2019}
}

@article{schwarz2019store,
  title={Store-to-Leak Forwarding: Leaking Data on Meltdown-resistant CPUs},
  author={Schwarz, Michael and Canella, Claudio and Giner, Lukas and Gruss, Daniel},
  journal={arXiv preprint arXiv:1905.05725},
  year={2019}
}

@inproceedings{pessl2016drama,
  title={$\{$DRAMA$\}$: Exploiting $\{$DRAM$\}$ Addressing for Cross-CPU Attacks},
  author={Pessl, Peter and Gruss, Daniel and Maurice, Cl{\'e}mentine and Schwarz, Michael and Mangard, Stefan},
  booktitle={USENIX Security Symposium},
  year={2016}
}

@inproceedings{gras2018translation,
  title={Translation Leak-aside Buffer: Defeating Cache Side-channel Protections with $\{$TLB$\}$ Attacks},
  author={Gras, Ben and Razavi, Kaveh and Bos, Herbert and Giuffrida, Cristiano},
  booktitle={USENIX Security Symposium},
  year={2018}
}

@inproceedings{shacham07,
  title={The geometry of innocent flesh on the bone: Return-into-libc
                  without function calls (on the x86)},
  author={Shacham, Hovav},
  booktitle={ACM Conference on Computer and Communications Security (CCS)},
  year={2007},
}

@misc{intel-manual,
  author={{Intel Corporation}},
  title={Intel® 64 and IA-32 Architectures Optimization Reference Manual},
  year={2016},
  howpublished={\url{https://www.intel.com/content/dam/www/public/us/en/documents/manuals/64-ia-32-architectures-optimization-manual.pdf}}
}

@inproceedings{mccamant2006evaluating,
  title={Evaluating SFI for a CISC Architecture.},
  author={McCamant, Stephen and Morrisett, Greg},
  booktitle={USENIX Security Symposium},
  year={2006}
}

@inproceedings{yee2009native,
  title={Native client: A sandbox for portable, untrusted x86 native code},
  author={Yee, Bennet and Sehr, David and Dardyk, Gregory and Chen, J Bradley and Muth, Robert and Ormandy, Tavis and Okasaka, Shiki and Narula, Neha and Fullagar, Nicholas},
  booktitle={IEEE Symposium on Security and Privacy},
  pages={79--93},
  year={2009},
  organization={IEEE}
}
@inproceedings{qureshi-18,
  title={CEASER: Mitigating Conflict-Based Cache Attacks via Encrypted-Address and Remapping.},
  author={ Qureshi,Moinuddin K.},
  booktitle={Proc. IEEE/ACM International Symposium on Microarchitecture (Micro)},
  year={2018}
}

@inproceedings{PrimeProbe2015last,
  title={Last-level cache side-channel attacks are practical},
  author={Liu, Fangfei and Yarom, Yuval and Ge, Qian and Heiser, Gernot and Lee, Ruby B},
  booktitle={2015 IEEE Symposium on Security and Privacy},
  pages={605--622},
  year={2015},
  organization={IEEE}
}

@inproceedings{FlushReload2014Yarom,
  title={FLUSH+ RELOAD: a high resolution, low noise, L3 cache side-channel attack},
  author={Yarom, Yuval and Falkner, Katrina},
  booktitle={23rd $\{$USENIX$\}$ Security Symposium ($\{$USENIX$\}$ Security 14)},
  pages={719--732},
  year={2014}
}

@conference {CloudRadar2016 , title = {CloudRadar: A Real-time Side-channel Attack Detection System in Clouds}, year = {2016}, month = {September 2016}, abstract = {We present CloudRadar, a system to detect, and hence mitigate, cache-based side-channel attacks in multi-tenant cloud systems. CloudRadar operates by correlating two events: first, it exploits signature- based detection to identify when the protected virtual machine (VM) executes a cryptographic application; at the same time, it uses anomaly-based detection techniques to monitor the co-located VMs to identify ab- normal cache behaviors that are typical during cache-based side-channel attacks. We show that correlation in the occurrence of these two events o?er strong evidence of side-channel attacks. Compared to other work on side-channel defenses, CloudRadar has the following advantages: first, CloudRadar focuses on the root causes of cache-based side-channel at- tacks and hence is hard to evade using metamorphic attack code, while maintaining a low false positive rate. Second, CloudRadar is designed as a lightweight patch to existing cloud systems, which does not require new hardware support, or any hypervisor, operating system, application modifications. Third, CloudRadar provides real-time protection and can detect side-channel attacks within the order of milliseconds. We demonstrate a prototype implementation of CloudRadar in the OpenStack cloud framework. Our evaluation suggests CloudRadar achieves negligible performance overhead with high detection accuracy.}, author = {Tianwei Zhang and Yinqian Zhang and Ruby B. Lee} } 

@inproceedings{machinelearning4security,
author = {Mushtaq, Maria and Akram, Ayaz and Khurram Bhatti, Muhammad and Chaudhry, Maham and Yousaf, Muneeb and Farooq, Umer and Lapotre, Vianney and Gogniat, Guy},
year = {2018},
month = {12},
pages = {485-488},
title = {Machine Learning For Security: The Case of Side-Channel Attack Detection at Run-time},
}

@inproceedings{JonasDepoix,
  TITLE = {{Detecting Spectre Attacks by identifying Cache Side-Channel Attacks using Machine Learning}},
  AUTHOR = {Depoix, Jonas and Altmeyer, Philipp},
  BOOKTITLE = {{WAMOS 2018 - 4th Wiesbaden Workshop on Advanced Microkernel Operating Systems}},
  ADDRESS = {Wiesbaden, Germany},
  YEAR = {2018},
}



@article{SPARCT4,
author = {Manish Shah and Robert Golla and Gregory Grohoski and Paul Jordan and Jama Barreh and Jeff Brooks and Mark Greenberg and Gideon Levinsky and Mark Luttrell and Christopher Olson and Zeid Samoail and Matt Smittle and Tom Ziaja},
title = {Sparc T4: A Dynamically Threaded Server-on-a-Chip},
journal ={IEEE Micro},
volume = {32},
number = {2},
issn = {0272-1732},
year = {2012},
pages = {8-19},
doi = {http://doi.ieeecomputersociety.org/10.1109/MM.2012.1},
publisher = {IEEE Computer Society},
address = {Los Alamitos, CA, USA},
}

@inproceedings{Mongoose,
author = "Brad Burgess",
title = {Samsung's Exynos-M1 CPU},
booktitle = {Hot Chips: A Symposium on High Performance Chips},
city = {Cupertino, California},
year = {2016},
month = {August}
}

@inproceedings{M3,
author = "Jeff Rupley",
title = {Samsung's Exynos-M3 CPU},
booktitle = {Hot Chips: A Symposium on High Performance Chips},
city = {Cupertino, California},
year = {2018},
month = {August}
}

@article{chen-18,
  title={Sgxpectre attacks: Stealing intel secrets from sgx enclaves via speculative execution},
  author={Chen, Guoxing and Chen, Sanchuan and Xiao, Yuan and Zhang, Yinqian and Lin, Zhiqiang and Lai, Ten H},
  journal={arXiv preprint arXiv:1802.09085},
  year={2018}
}

@inproceedings{wang-17,
  title={Leaky cauldron on the dark land: Understanding memory side-channel hazards in SGX},
  author={Wang, Wenhao and Chen, Guoxing and Pan, Xiaorui and Zhang, Yinqian and Wang, XiaoFeng and Bindschaedler, Vincent and Tang, Haixu and Gunter, Carl A},
  booktitle={Proceedings of the 2017 ACM SIGSAC Conference on Computer and Communications Security},
  pages={2421--2434},
  year={2017},
  organization={ACM}
}

@inproceedings{kiriansky2018dawg,
  title={DAWG: A defense against cache timing attacks in speculative execution processors},
  author={Kiriansky, Vladimir and Lebedev, Ilia and Amarasinghe, Saman and Devadas, Srinivas and Emer, Joel},
  booktitle={2018 51st Annual IEEE/ACM International Symposium on Microarchitecture (MICRO)},
  pages={974--987},
  year={2018},
  organization={IEEE}
}
@inproceedings{saileshwar2019cleanupspec,
  title={CleanupSpec: An" Undo" Approach to Safe Speculation},
  author={Saileshwar, Gururaj and Qureshi, Moinuddin K},
  booktitle={Proceedings of the 52nd Annual IEEE/ACM International Symposium on Microarchitecture},
  pages={73--86},
  year={2019}
}
@inproceedings{weisse2019nda,
  title={Nda: Preventing speculative execution attacks at their source},
  author={Weisse, Ofir and Neal, Ian and Loughlin, Kevin and Wenisch, Thomas F and Kasikci, Baris},
  booktitle={Proceedings of the 52nd Annual IEEE/ACM International Symposium on Microarchitecture},
  pages={572--586},
  year={2019}
}
@inproceedings{barber2019specshield,
  title={Specshield: Shielding speculative data from microarchitectural covert channels},
  author={Barber, Kristin and Bacha, Anys and Zhou, Li and Zhang, Yinqian and Teodorescu, Radu},
  booktitle={2019 28th International Conference on Parallel Architectures and Compilation Techniques (PACT)},
  pages={151--164},
  year={2019},
  organization={IEEE}
}
@inproceedings{yu2019speculative,
  title={Speculative Taint Tracking (STT) A Comprehensive Protection for Speculatively Accessed Data},
  author={Yu, Jiyong and Yan, Mengjia and Khyzha, Artem and Morrison, Adam and Torrellas, Josep and Fletcher, Christopher W},
  booktitle={Proceedings of the 52nd Annual IEEE/ACM International Symposium on Microarchitecture},
  pages={954--968},
  year={2019}
}
@article{schwarz2020generic,
  title={A Generic Approach for Mitigating Spectre},
  author={Schwarz, Michael and Lipp, Moritz and Canella, Claudio and Schilling, Robert and Kargl, Florian and Gruss, Daniel},
  year={2020}
}
@article{domnitser2012non,
  title={Non-monopolizable caches: Low-complexity mitigation of cache side channel attacks},
  author={Domnitser, Leonid and Jaleel, Aamer and Loew, Jason and Abu-Ghazaleh, Nael and Ponomarev, Dmitry},
  journal={ACM Transactions on Architecture and Code Optimization (TACO)},
  volume={8},
  number={4},
  pages={1--21},
  year={2012},
  publisher={ACM New York, NY, USA}
}
@inproceedings{liu2016catalyst,
  title={Catalyst: Defeating last-level cache side channel attacks in cloud computing},
  author={Liu, Fangfei and Ge, Qian and Yarom, Yuval and Mckeen, Frank and Rozas, Carlos and Heiser, Gernot and Lee, Ruby B},
  booktitle={2016 IEEE international symposium on high performance computer architecture (HPCA)},
  pages={406--418},
  year={2016},
  organization={IEEE}
}
@inproceedings{wang2007new,
  title={New cache designs for thwarting software cache-based side channel attacks},
  author={Wang, Zhenghong and Lee, Ruby B},
  booktitle={Proceedings of the 34th annual international symposium on Computer architecture},
  pages={494--505},
  year={2007}
}
@inproceedings{qureshi2018ceaser,
  title={Ceaser: Mitigating conflict-based cache attacks via encrypted-address and remapping},
  author={Qureshi, Moinuddin K},
  booktitle={2018 51st Annual IEEE/ACM International Symposium on Microarchitecture (MICRO)},
  pages={775--787},
  year={2018},
  organization={IEEE}
}
@inproceedings{martin2012timewarp,
  title={TimeWarp: rethinking timekeeping and performance monitoring mechanisms to mitigate side-channel attacks},
  author={Martin, Robert and Demme, John and Sethumadhavan, Simha},
  booktitle={2012 39th Annual International Symposium on Computer Architecture (ISCA)},
  pages={118--129},
  year={2012},
  organization={IEEE}
}
@article{hu1992reducing,
  title={Reducing timing channels with fuzzy time},
  author={Hu, Wei-Ming},
  journal={Journal of computer security},
  volume={1},
  number={3-4},
  pages={233--254},
  year={1992},
  publisher={IOS Press}
}
@inproceedings{yan2016replayconfusion,
  title={ReplayConfusion: detecting cache-based covert channel attacks using record and replay},
  author={Yan, Mengjia and Shalabi, Yasser and Torrellas, Josep},
  booktitle={2016 49th Annual IEEE/ACM International Symposium on Microarchitecture (MICRO)},
  pages={1--14},
  year={2016},
  organization={IEEE}
}
@inproceedings{chen2014cc,
  title={Cc-hunter: Uncovering covert timing channels on shared processor hardware},
  author={Chen, Jie and Venkataramani, Guru},
  booktitle={2014 47th Annual IEEE/ACM International Symposium on Microarchitecture},
  pages={216--228},
  year={2014},
  organization={IEEE}
}
@misc{papernot2017practical,
      title={Practical Black-Box Attacks against Machine Learning}, 
      author={Nicolas Papernot and Patrick McDaniel and Ian Goodfellow and Somesh Jha and Z. Berkay Celik and Ananthram Swami},
      year={2017},
      eprint={1602.02697},
      archivePrefix={arXiv},
      primaryClass={cs.CR}
}
@misc{hinton2015distilling,
      title={Distilling the Knowledge in a Neural Network}, 
      author={Geoffrey Hinton and Oriol Vinyals and Jeff Dean},
      year={2015},
      eprint={1503.02531},
      archivePrefix={arXiv},
      primaryClass={stat.ML}
}
@INPROCEEDINGS{Carlini2017, 
author={N. {Carlini} and D. {Wagner}},  booktitle={2017 IEEE Symposium on Security and Privacy (SP)},  
title={Towards Evaluating the Robustness of Neural Networks},   year={2017},  volume={},  number={},  pages={39-57},  doi={10.1109/SP.2017.49}
}

@article{Papernot2016TowardsTS,
  title={Towards the Science of Security and Privacy in Machine Learning},
  author={Nicolas Papernot and P. McDaniel and Arunesh Sinha and Michael P. Wellman},
  journal={ArXiv},
  year={2016},
  volume={abs/1611.03814}
}

@misc{tramer2020ensemble,
      title={Ensemble Adversarial Training: Attacks and Defenses}, 
      author={Florian Tramèr and Alexey Kurakin and Nicolas Papernot and Ian Goodfellow and Dan Boneh and Patrick McDaniel},
      year={2020},
      eprint={1705.07204},
      archivePrefix={arXiv},
      primaryClass={stat.ML}
}

@misc{papernot2016distillation,
      title={Distillation as a Defense to Adversarial Perturbations against Deep Neural Networks}, 
      author={Nicolas Papernot and Patrick McDaniel and Xi Wu and Somesh Jha and Ananthram Swami},
      year={2016},
      eprint={1511.04508},
      archivePrefix={arXiv},
      primaryClass={cs.CR}
}
@misc{moosavidezfooli2016deepfool,
      title={DeepFool: a simple and accurate method to fool deep neural networks}, 
      author={Seyed-Mohsen Moosavi-Dezfooli and Alhussein Fawzi and Pascal Frossard},
      year={2016},
      eprint={1511.04599},
      archivePrefix={arXiv},
      primaryClass={cs.LG}
}

@inproceedings{Goodfellow2015ADVexample,
title	= {Explaining and Harnessing Adversarial Examples},
author	= {Ian Goodfellow and Jonathon Shlens and Christian Szegedy},
year	= {2015},
URL	= {http://arxiv.org/abs/1412.6572},
booktitle	= {International Conference on Learning Representations}
}


@inproceedings{kayaalp2017ric,
  title={Ric: Relaxed inclusion caches for mitigating llc side-channel attacks},
  author={Kayaalp, Mehmet and Khasawneh, Khaled N and Esfeden, Hodjat Asghari and Elwell, Jesse and Abu-Ghazaleh, Nael and Ponomarev, Dmitry and Jaleel, Aamer},
  booktitle={2017 54th ACM/EDAC/IEEE Design Automation Conference (DAC)},
  pages={1--6},
  year={2017},
  organization={IEEE}
}